@article{Johnson,
        author = {Edgar G. Johnson and Alfred O. Nier},
        title = {Angular Aberrations in Sector Shaped 
        Electromagnetic Lenses for Focusing Beams of Charged Particles},
        journal = {Physical Review},
        volume = {91},
        number = {1},
        month = {jul},
        year = {1953}
}

@phdthesis{Zoran,
        author = {Zoran Racic},
        title = {\'Etude et essais du spectromètre à plasma {DYMIO}
	de la  mission {MARS 96}},
        publisher = {Université Pierre et Marie Curie},
        year = {1996}
}
